@INPROCEEDINGS{Hannuksela:2007, 
 author = {Hannuksela, J. and Huttunen, S. and Sangi, P. and Heikkila, J.}, 
 booktitle = {Visual Media Production, 2007. IETCVMP. 4th European Conference on}, 
 title = {Motion-based finger tracking for user interaction with mobile devices}, 
 year = {2007}, 
 month = {Nov}, 
 pages = {1-6}, 
 keywords = {Kalman filters;expectation-maximisation algorithm;feature extraction;filtering theory;mobile computing;mobile handsets;motion estimation;Kalman filtering;expectation maximization algorithm;},
}

@ARTICLE{Canny:1986,
 author = {Canny, J},
 title = {A Computational Approach to Edge Detection},
 journal = {IEEE Trans. Pattern Anal. Mach. Intell.},
 issue_date = {June 1986},
 volume = {8},
 number = {6},
 month = {June},
 year = {1986},
 issn = {0162-8828},
 pages = {679--698},
 numpages = {20},
 url = {http://dx.doi.org/10.1109/TPAMI.1986.4767851},
 doi = {10.1109/TPAMI.1986.4767851},
 acmid = {11275},
 publisher = {IEEE Computer Society},
 address = {Washington, DC, USA},
 keywords = {Edge detection, feature extraction, image processing, machine vision, multiscale image analysis},
}

@ARTICLE{Orglmeister:2001,
  title = {Fingertracking and Handposture Recognition for Real-Time Human-Computer Interaction},
  author = {Orglmeister, Ing R},
  year = {2001}
}

@BOOK{Bradski:2013,
 author = {Bradski, Gary and Kaehler, Adrian},
 title = {Learning OpenCV: Computer Vision in C++ with the OpenCV Library},
 year = {2013},
 isbn = {1449314651, 9781449314651},
 edition = {2nd},
 publisher = {O'Reilly Media, Inc.},
}

@BOOK{Szelski:2010,
   editor = {Szeliski, R.},
   title = {Computer Vision: Algorithms and Applications},
   booktitle = {Computer Vision: Algorithms and Applications },
   series = {},
   publisher = {Springer},
   month = {September},
   year = {2010},
  
}
@BOOK{Oreilly:2008,
   editor = {Loukides, M.},
   author = {Bradski, G. and Kaehler, A.},
   title = {Learning OpenCV: computer vision wit hthe OpenCV library},
   booktitle = {Computer Vision: Algorithms and Applications },
   series = {},
   publisher = {O'Reilly},
   month = {September},
   year = {2008},
  
}
@MISC{Azuma:1997,
  title={A survey of augmented reality},
  author={Azuma, Ronald T and others},
  year={1997},
  publisher={MIT Press}
}

@INPROCEEDINGS{Thomas:2000, 
author={Thomas, B. and Close, B. and Donoghue, J. and Squires, J. and De Bondi, P. and Morris, M. and Piekarski, W.}, 
booktitle={Wearable Computers, The Fourth International Symposium on}, 
title={ARQuake: an outdoor/indoor augmented reality first person application}, 
year={2000}, 
month={Oct}, 
pages={139-146}, 
keywords={augmented reality;portable computers;ARQuake;architectural design visualisation;augmented reality;fiducial vision-based tracking;first person application;mobile augmented reality;outdoor/indoor;six degrees of freedom tracking system;Application software;Augmented reality;Bonding;Computer displays;Floors;Head;Physics computing;Rendering (computer graphics);User interfaces;Wearable computers}, 
doi={10.1109/ISWC.2000.888480},}

@ARTICLE{Pavlovic:1997,
    author = {Vladimir I. Pavlovic and Rajeev Sharma and Thomas S. Huang},
    title = {Visual Interpretation of Hand Gestures for Human-Computer Interaction: A Review},
    journal = {IEEE Transactions on Pattern Analysis and Machine Intelligence},
    year = {1997},
    volume = {19},
    pages = {677--695}
}

@INPROCEEDINGS{Song:2008,
 author = {Song, Peng and Yu, Hang and Winkler, Stefan},
 title = {Vision-based 3D Finger Interactions for Mixed Reality Games with Physics Simulation},
 booktitle = {Proceedings of The 7th ACM SIGGRAPH International Conference on Virtual-Reality Continuum and Its Applications in Industry},
 series = {VRCAI '08},
 year = {2008},
 isbn = {978-1-60558-335-8},
 location = {Singapore},
 pages = {7:1--7:6},
 articleno = {7},
 numpages = {6},
 url = {http://doi.acm.org/10.1145/1477862.1477871},
 doi = {10.1145/1477862.1477871},
 acmid = {1477871},
 publisher = {ACM},
 address = {New York, NY, USA},
 keywords = {finger interaction, finger tracking, mixed reality, physics simulation},
}

@INPROCEEDINGS{Raheja:2011, 
author={Raheja, J.L. and Chaudhary, A. and Singal, K.}, 
booktitle={Computational Intelligence, Modelling and Simulation (CIMSiM), 2011 Third International Conference on}, 
title={Tracking of Fingertips and Centers of Palm Using KINECT}, 
year={2011}, 
month={Sept}, 
pages={248-252}, 
keywords={gesture recognition;image segmentation;object detection;object tracking;Microsoft KINECT;fingertip tracking;hand geometry;hand gesture;hand segmentation;palm center tracking;robotic hand;Cameras;Gesture recognition;Image segmentation;Real time systems;Three dimensional displays;Thumb;3D Segmentation;Depth Vector;Human Computer Interface;Image Processing;Image Segmentation;KINECT;Natural Computing}, 
doi={10.1109/CIMSim.2011.51},}

@BOOK{Siltanen:2012,
 author = {Siltanen, Sanni},
 title = {Theory and applications of marker-based augmented reality},
 publisher = {VTT},
 year = {2012},
 address = {Espoo},
 isbn = {978-951-38-7449-0}
 }

@INCOLLECTION{Refinger:2007,
year={2007},
isbn={978-3-540-73108-5},
booktitle={Human-Computer Interaction. HCI Intelligent Multimodal Interaction Environments},
volume={4552},
series={Lecture Notes in Computer Science},
editor={Jacko, JulieA.},
doi={10.1007/978-3-540-73110-8\_79},
title={Static and Dynamic Hand-Gesture Recognition for Augmented Reality Applications},
url={http://dx.doi.org/10.1007/978-3-540-73110-8\_79},
publisher={Springer Berlin Heidelberg},
keywords={Augmented Reality; Gesture Recognition; Human Computer Interaction},
author={Reifinger, Stefan and Wallhoff, Frank and Ablassmeier, Markus and Poitschke, Tony and Rigoll, Gerhard},
pages={728-737}
}

@INPROCEEDINGS{Reitmayr:2001, 
author={Reitmayr, Gerhard and Schmalstieg, D.}, 
booktitle={Augmented Reality, 2001. Proceedings. IEEE and ACM International Symposium on}, 
title={Mobile collaborative augmented reality}, 
year={2001}, 
month={}, 
pages={114-123}, 
keywords={augmented reality;groupware;mobile computing;user interfaces;computer enhanced interaction;computer supported collaborative work;direct interaction;hybrid tracking;mobile collaborative augmented reality;mobile computing;mobile platform;mobile users;off-the-shelf hardware components;pen and pad interface;stationary users;true stereoscopic 3D graphics;user interface experiments;virtual objects;wearable computing;Assembly systems;Augmented reality;Collaboration;Collaborative work;Computer graphics;Hardware;Mobile communication;Mobile computing;System testing;User interfaces}, 
doi={10.1109/ISAR.2001.970521}
}

@INPROCEEDINGS{Billinghurst:2000, 
author={Billinghurst, M. and Poupyrev, I. and Kato, H. and May, R.}, 
booktitle={Multimedia and Expo, 2000. ICME 2000. 2000 IEEE International Conference on}, 
title={Mixing realities in Shared Space: an augmented reality interface for collaborative computing}, 
year={2000}, 
month={}, 
volume={3}, 
pages={1641-1644 vol.3}, 
keywords={augmented reality;computer vision;graphical user interfaces;groupware;human factors;Shared Space project;augmented reality interface;collaborative computing;collaborative spaces;face-to-face collaborative computing environments;future computing environments;human computer interaction;spatial 3D user interfaces;Application software;Augmented reality;Collaboration;Computer interfaces;Humans;Paper technology;Physics computing;Space exploration;Space technology;User interfaces}, 
doi={10.1109/ICME.2000.871085}
}

@ARTICLE{Byron:2009,
  title={Markerless motion tracking},
  author={Byron, Kelly and Pham, Linh and Situka, Joshua and Kopecky, K and Zhang, S},
  journal={Iowa State University},
  year={2009}
}

@INPROCEEDINGS{SchlattmanKlein:2007,
 author = {Schlattman, Markus and Klein, Reinhard},
 title = {Simultaneous 4 Gestures 6 DOF Real-time Two-hand Tracking Without Any Markers},
 booktitle = {Proceedings of the 2007 ACM Symposium on Virtual Reality Software and Technology},
 series = {VRST '07},
 year = {2007},
 isbn = {978-1-59593-863-3},
 location = {Newport Beach, California},
 pages = {39--42},
 numpages = {4},
 url = {http://doi.acm.org/10.1145/1315184.1315188},
 doi = {10.1145/1315184.1315188},
 acmid = {1315188},
 publisher = {ACM},
 address = {New York, NY, USA},
 keywords = {hand tracking, interaction techniques, virtual reality},
}

@INPROCEEDINGS{SchlattmannKahlesz:2007,
  title={Markerless 4 gestures 6 DOF real-time visual tracking of the human hand with automatic initialization},
  author={Schlattmann, Markus and Kahlesz, Ferenc and Sarlette, Ralf and Klein, Reinhard},
  booktitle={Computer Graphics Forum},
  publisher = {Blackwell Publishing Ltd},
  volume={26},
  number={3},
  pages={467--476},
  year={2007}
}


@INPROCEEDINGS{Wagner:2009,
  title={History and future of tracking for mobile phone augmented reality},
  author={Wagner, Daniel and Schmalstieg, Dieter},
  booktitle={International Symposium on Ubiquitous Virtual Reality},
  pages={7--10},
  year={2009}
  
}

@INPROCEEDINGS{HurstWolfgangVriens:2013,
  title={Mobile Augmented Reality Interaction via Finger Tracking in a Board Game Setting},
  author={H{\"u}rst, Wolfgang and Vriens, Kevin},
  booktitle={MobileHCI2013 AR-workshop, Designing Mobile Augmented Reality},
  year={2013}
}


@ARTICLE{HurstWolfgangVanWezel:2013,
  title={Gesture-based interaction via finger tracking for mobile augmented reality},
  author={H{\"u}rst, Wolfgang and van Wezel, Casper},
  journal={Multimedia Tools and Applications},
  volume={62},
  number={1},
  pages={233--258},
  year={2013},
  publisher={Springer}
}


@INPROCEEDINGS{Wang:2011,
 author = {Wang, Robert and Paris, Sylvain and Popovi\'{c}, Jovan},
 title = {6D Hands: Markerless Hand-tracking for Computer Aided Design},
 booktitle = {Proceedings of the 24th Annual ACM Symposium on User Interface Software and Technology},
 series = {UIST '11},
 year = {2011},
 isbn = {978-1-4503-0716-1},
 location = {Santa Barbara, California, USA},
 pages = {549--558},
 numpages = {10},
 url = {http://doi.acm.org/10.1145/2047196.2047269},
 doi = {10.1145/2047196.2047269},
 acmid = {2047269},
 publisher = {ACM},
 address = {New York, NY, USA},
 keywords = {3D object manipulation, computer aided design, hand tracking},
}

@MASTERSTHESIS{Nahouji:2009,
 author = { Nahouji, M.},
 title = {{2D Finger Motion Tracking, Implementation for Android Based Smartphones}},
 school = {Chalmers University of Technology},
 address = {Gothenburg, Sweden},
 year = {2009},
 }

@INPROCEEDINGS{Huynh:2009,
 author = {Huynh, Duy-Nguyen Ta and Raveendran, Karthik and Xu, Yan and Spreen, Kimberly and MacIntyre, Blair},
 title = {Art of Defense: A Collaborative Handheld Augmented Reality Board Game},
 booktitle = {Proceedings of the 2009 ACM SIGGRAPH Symposium on Video Games},
 series = {Sandbox '09},
 year = {2009},
 isbn = {978-1-60558-514-7},
 location = {New Orleans, Louisiana},
 pages = {135--142},
 numpages = {8},
 url = {http://doi.acm.org/10.1145/1581073.1581095},
 doi = {10.1145/1581073.1581095},
 acmid = {1581095},
 publisher = {ACM},
 address = {New York, NY, USA},
 keywords = {augmented reality, collaborative game, handheld game},
}

@ARTICLE{Lee:2008, 
author={Lee, J.C.}, 
journal={Pervasive Computing, IEEE}, 
title={Hacking the Nintendo Wii Remote}, 
year={2008}, 
month={July}, 
volume={7}, 
number={3}, 
pages={39-45}, 
keywords={augmented reality;computer games;interactive devices;Nintendo Wii remote;hacking;input device;interaction technique;multiobject tracking;spatial augmented reality;Accelerometers;Application software;Bluetooth;Cameras;Computer crime;Games;Handheld computers;Hardware;Manufacturing;TV;Wii remote;computer vision;controller;desktop virtual reality;head tracking;human interface;infrared tracking;input;interactive whiteboard;spatial augmented reality}, 
doi={10.1109/MPRV.2008.53}, 
ISSN={1536-1268},}

@INPROCEEDINGS{Kulshreshth:2013, 
author={Kulshreshth, A. and Zorn, C. and LaViola, J.J.}, 
booktitle={3D User Interfaces (3DUI), 2013 IEEE Symposium on}, 
title={Poster: Real-time markerless kinect based finger tracking and hand gesture recognition for HCI}, 
year={2013}, 
month={March}, 
pages={187-188}, 
keywords={Fourier analysis;curve fitting;gesture recognition;human computer interaction;image matching;object detection;object tracking;palmprint recognition;Fourier descriptors;HCI;Microsoft Kinect;equidistant points;feature vectors;finger detection;hand gesture recognition;hand silhouette detection;human computer interaction;input device;k-curvature algorithm;real-time markerless Kinect based finger tracking;template matching;user interfaces;Finger tracking;Microsoft Kinect;hand gestures;human computer interaction}, 
doi={10.1109/3DUI.2013.6550241},}


@INPROCEEDINGS{Chun:2013,
 author = {Chun, Wendy H. and H\"{o}llerer, Tobias},
 title = {Real-time Hand Interaction for Augmented Reality on Mobile Phones},
 booktitle = {Proceedings of the 2013 International Conference on Intelligent User Interfaces},
 series = {IUI '13},
 year = {2013},
 isbn = {978-1-4503-1965-2},
 location = {Santa Monica, California, USA},
 pages = {307--314},
 numpages = {8},
 url = {http://doi.acm.org/10.1145/2449396.2449435},
 doi = {10.1145/2449396.2449435},
 acmid = {2449435},
 publisher = {ACM},
 address = {New York, NY, USA},
 keywords = {augmented reality, gesture recognition, hand-based interaction, mobile phone},
}

@ARTICLE{Azuma:2001, 
author={Azuma, R. and Baillot, Y. and Behringer, R. and Feiner, S. and Julier, S. and MacIntyre, Blair}, 
journal={Computer Graphics and Applications, IEEE}, 
title={Recent advances in augmented reality}, 
year={2001}, 
month={Nov}, 
volume={21}, 
number={6}, 
pages={34-47}, 
keywords={augmented reality;annotation;augmented reality;complex equipment maintenance;complex equipment repair;error reduction strategies;medical visualization;path planning;registration;Augmented reality;Calibration;Cameras;Head;Laser beams;Lenses;Liquid crystal displays;Optical modulation;Retina;Virtual environment}, 
doi={10.1109/38.963459}, 
ISSN={0272-1716},}

@INPROCEEDINGS{Sutherland:1968,
 title={A head-mounted three dimensional display},
 author={Sutherland, Ivan E},
 booktitle={Proceedings of the December 9-11, 1968, fall joint computer conference, part I},
 pages={757--764},
 year={1968},
 organization={ACM}
}

@INPROCEEDINGS{VanWaardhuizen:2011,
 title = {Table Top Augmented Reality System For Conceptual Design And Prototyping},
 booktitle = {Proceedings of the ASME 2011 World Conference on Innovative Virtual Reality},
 author = {VanWaardhuizen, Michael and Oliver, James and Gimeno, Jesus},
 year = {2011},
 organization={ASME},
 location = {Milan, Italy},
 publisher = {ASME},
 keywords = {virtual reality, augmented reality},
}
@INPROCEEDINGS{Gumpp:2006, 
author={Gumpp, T. and Azad, P. and Welke, K. and Oztop, E. and Dillmann, R. and Cheng, G.}, 
booktitle={Humanoid Robots, 2006 6th IEEE-RAS International Conference on}, 
title={Unconstrained Real-time Markerless Hand Tracking for Humanoid Interaction}, 
year={2006}, 
month={Dec}, 
pages={88-93}, 
keywords={dexterous manipulators;humanoid robots;man-machine systems;object recognition;robot vision;target tracking;dexterous robotic hand;human-computer interaction;humanoid interaction;particle filters;unconstrained real-time markerless hand tracking;Application software;Computer science;Hidden Markov models;Human robot interaction;Humanoid robots;Image databases;Laboratories;Particle filters;Particle tracking;Robot kinematics}, 
doi={10.1109/ICHR.2006.321368},
}

@INPROCEEDINGS{Suzuki:1985,
author={Suzuki, S. and Abe, K.},
booktitle={Computer Vision, GRaphics, and },
title = {Topological Structural Analysis of Digitized Binary Image by Border Following},
year={1985},
month={Dec},
pages={32-45},
organization={Shizuoka University},
location={Japan},
}

@INPROCEEDINGS{Hardenberg:2001,
 author = {von Hardenberg, Christian and B{\'e}rard, Fran\c{c}ois},
 title = {Bare-hand Human-computer Interaction},
 booktitle = {Proceedings of the 2001 Workshop on Perceptive User Interfaces},
 series = {PUI '01},
 year = {2001},
 location = {Orlando, Florida},
 pages = {1--8},
 numpages = {8},
 url = {http://doi.acm.org/10.1145/971478.971513},
 doi = {10.1145/971478.971513},
 acmid = {971513},
 publisher = {ACM},
 address = {New York, NY, USA},
 keywords = {bare-hand control, computer vision, finger tracking, hand-posture recognition, human-computer interaction, real-time},
} 

@INPROCEEDINGS{Zhang:2001,
author = {Zhang, Y. and Ji,  Q.},
title = {Camera Calibration With Genetic Algorithms},
booktitle = {International Conference on Robotics and Automation, Seoul Korea},
organization={University of Nevada, Reno Department of Electrical, Computer, and System Engineering Rensselear Polytechnic Institute},
year={2001},
month={May},
}

@INPROCEEDINGS{Hui:2008,
author={Hui, B. and Pratihar, D.},
title={Camera Calibration Using a Genetic Algorithm},
organization={Department of Mechanical Engineering and Mining Engineering, Indian School of Mines University, Dhanbad India Department of Mechanical Engineering, India Institute of Technology Kharagpur, India},
year={2008},
month={January},
}


@INPROCEEDINGS{HurstWolfgangVriens:2013,
  title={Mobile Augmented Reality Interaction via Finger Tracking in a Board Game Setting},
  author={H{\"u}rst, Wolfgang and Vriens, Kevin},
  booktitle={MobileHCI2013 AR-workshop, Designing Mobile Augmented Reality},
  year={2013}
}

@ARTICLE{HurstWolfgangVanWezel:2013,
  title={Gesture-based interaction via finger tracking for mobile augmented reality},
  author={H{\"u}rst, Wolfgang and van Wezel, Casper},
  journal={Multimedia Tools and Applications},
  volume={62},
  number={1},
  pages={233--258},
  year={2013},
  publisher={Springer}
}

@article{Oculus,
  title={Oculus rift-virtual reality headset for 3d gaming},
  author={Oculus, VR},
  journal={URL: http://www.oculusvr.com},
  year={2012}
}